@book{Cormen,
 author = {Cormen, Thomas H. and Stein, Clifford and Rivest, Ronald L. and Leiserson, Charles E.},
 title = {Introduction to Algorithms},
 year = {2001},
 isbn = {0070131511},
 edition = {2nd},
 publisher = {McGraw-Hill Higher Education},
}

@inproceedings{FKS82,
  author    = {Michael L. Fredman and
               J{\'a}nos Koml{\'o}s and
               Endre Szemer{\'e}di},
  title     = {Storing a Sparse Table with O(1) Worst Case Access Time},
  booktitle = {FOCS},
  year      = {1982},
  pages     = {165-169},
  ee        = {http://doi.ieeecomputersociety.org/10.1109/SFCS.1982.39},
  crossref  = {DBLP:conf/focs/FOCS23},
  bibsource = {DBLP, http://dblp.uni-trier.de}
}

@proceedings{DBLP:conf/focs/FOCS23,
  title     = {23rd Annual Symposium on Foundations of Computer Science,
               Chicago, Illinois, USA, 3-5 November 1982},
  booktitle = {FOCS},
  publisher = {IEEE Computer Society},
  year      = {1982},
  bibsource = {DBLP, http://dblp.uni-trier.de}
}
